<?xml version="1.0" encoding="UTF-8"?><collection xmlns="http://www.loc.gov/MARC21/slim"><record><leader>00582nam--2200181-i-4500</leader><controlfield tag="001">000023141</controlfield><controlfield tag="002">20161230</controlfield><controlfield tag="005">20161230201034</controlfield><controlfield tag="008">060222s1000------------r-----000-0-eng-d</controlfield><datafield ind1=" " ind2=" " tag="040"><subfield code="a">IFIN-HH</subfield></datafield><datafield ind1=" " ind2=" " tag="080"><subfield code="a">539.173.4</subfield></datafield><datafield ind1="1" ind2=" " tag="100"><subfield code="a">Benisz, J</subfield></datafield><datafield ind1="1" ind2="0" tag="245"><subfield code="a">Ternary fission of 238u nuclei induced by 14 mev neutrons</subfield><subfield code="b">Range-energy curves for heavy ions in the ja-2 nuclear emulsion</subfield><subfield code="c">J. benisz, a. jasielska, e. urbanski</subfield></datafield><datafield ind1=" " ind2=" " tag="260"><subfield code="a">Katowice</subfield><subfield code="b">Uniwersytet Slaski W Katowicach</subfield><subfield code="c">1972</subfield></datafield><datafield ind1=" " ind2=" " tag="300"><subfield code="a">49P</subfield></datafield><datafield ind1="1" ind2=" " tag="700"><subfield code="a">Urbanski, E</subfield></datafield><datafield ind1=" " ind2=" " tag="852"><subfield code="a">37619</subfield><subfield code="c">539.17</subfield></datafield><datafield ind1=" " ind2=" " tag="CAT"><subfield code="a">Sys</subfield><subfield code="c">20120608</subfield><subfield code="h">125539</subfield></datafield></record></collection>